
%----------------------------------------------------------------------------
% Bibliographic database for MegaWave2 modules
%----------------------------------------------------------------------------

% --- A
@Article{	  abmd:imagecodingwt,
  author	= "M. Antonini and M. Barlaud and P. Mathieu and I.
		  Daubechies",
  title		= "Image coding using wavelet transform",
  journal	= "IEEE Trans. on Image Proc.",
  volume	= "1",
  number	= "2",
  pages		= "205-220",
  year		= "1992"
}

@Unpublished{	  acmm:concomp,
  author	= "L. Ambrosio and V. Caselles and S. Masnou and J-M. Morel",
  title		= "Connected Components of Sets of Finite Perimeter and
		  Applications to Image Processing",
  year		= "1999",
  note		= "Preprint"
}

@Unpublished{	  adf:restorejpeg,
  author	= "F. Alter and S. Durand and J. Froment",
  title		= "Restoring JPEG images using total variation minimization",
  year		= "2003",
  note		= "Preprint CMLA"
}

@Article{	  afm:reconsvisu,
  author	= "J-P. D'Al\`es and J. Froment and J-M. Morel",
  title		= "Reconstruction visuelle et g\'en\'ericit\'e",
  journal	= "Intellectica",
  volume	= "1",
  number	= "8",
  pages		= "11-35",
  year		= "1999"
}

@Article{	  aglm:axiom,
  author	= "L. Alvarez and F. Guichard and P-L. Lions and J-M. Morel",
  title		= "Axioms and fundamental equations of image processing",
  journal	= "Arch. Rational Mechanics and Anal.",
  volume	= "16",
  number	= "9",
  pages		= "200-257",
  year		= "1993"
}

@InCollection{	  agm:scales,
  author	= "L. Alvarez and Y. Gousseau and J-M. Morel",
  title		= "Scales in Natural Images and a Consequence on their
		  Bounded Variation Norm",
  booktitle	= "Scale-Space Theories in Computer Vision",
  publisher	= "Lecture Notes in Computer Science 1682",
  pages		= "247-258",
  year		= "1999"
}

@Article{	  aron:amle,
  author	= "G. Aronsson",
  title		= "Extension of functions satisfying Lipschitz conditions",
  journal	= "Ark. Math.",
  volume	= "6",
  pages		= "551-561",
  year		= "1967"
}

@Article{	  av:anatvpenaltymeth,
  author	= "R. Acar and C.R. Vogel",
  title		= "Analysis of total variation penalty methods for ill-posed
		  problems",
  journal	= "Inverse Problems",
  volume	= "10",
  pages		= "1217-1229",
  year		= "1994"
}

% --- B
@Article{	  bb:regmultimethastro,
  author	= "Y. Bobichon and A. Bijaoui",
  title		= "Regularized multiresolution methods for astronomical image
		  enhancement",
  journal	= "Exper. Astron.",
  volume	= "7",
  pages		= "239-255",
  year		= "1997"
}

@Article{	  bc:tvmethrestvectvalimag,
  author	= "P. Blomgren and T.F. Chan",
  title		= "Color TV: Total Variation Methods for Restoration of
		  Vector Valued Images",
  journal	= "IEEE Trans. on Image Proc.",
  year		= "1998",
  note		= "Special issue on Geometry Driven Diffusion and PDEs in
		  Image Processing"
}

@Unpublished{	  bcgm:contrast,
  author	= "C. Ballester and E. Cubero-Castan and M. Gonzalez and J-M.
		  Morel",
  title		= "Contrast Invariant Image Intersection",
  note		= "Preprint"
}

@InProceedings{	  bcmw:tvimrest,
  author	= "P. Blomgren and T.F. Chan and P. Mulet and C.K. Wong",
  title		= "Total Variation Image Restoration: Numerical Methods and
		  Extensions",
  booktitle	= "Proc. of ICIP'97",
  volume	= "3",
  pages		= "384-387",
  year		= "1997"
}

@InCollection{	  bd:wavelab,
  author	= "J.B. Buckheit and D.L. Donoho",
  title		= "Wavelab and reproducible research",
  booktitle	= "Wavelets and Statistics",
  publisher	= "Springer-Verlag",
  editor	= "A. Antoniadis and G. Oppenheim",
  pages		= "53-81",
  year		= "1995"
}

% --- C
@Article{	  cann:compu,
  author	= "J. Canny",
  title		= "A computational approach to edge detection",
  journal	= "IEEE Trans. Pattern Recog. and Machine Intell.",
  volume	= "8",
  pages		= "679-698",
  year		= "1986"
}

@Article{	  cao:amle,
  author	= "F. Cao",
  title		= "Absolutely minimizing Lipschitz extension with
		  discontinuous boundary data",
  journal	= "Note aux C.R. Acad. Sci. Paris",
  volume	= "t.327",
  number	= "I",
  pages		= "563-568",
  year		= "1998"
}

@PhDThesis{	  cao:these,
  author	= "F. Cao",
  title		= "Approximation d'\'equations d'\'evolution paraboliques
		  g\'eom\'etriques par des sch\'emas invariants: une approche
		  axiomatique de l'interpolation; applications au traitement
		  d'images",
  school	= "Ecole Normale Sup\'erieure de Cachan",
  year		= "2000"
}

@Article{	  carl:sketchbasedcoding,
  author	= "S. Carlsson",
  title		= "Sketch based coding of grey level images",
  journal	= "Signal Processing North-Holland",
  volume	= "15",
  number	= "1",
  pages		= "57-83",
  year		= "1988"
}

@InCollection{	  cas:morphointerpol,
  author	= "J.R. Casas",
  title		= "Morphological Interpolation for Image Coding",
  booktitle	= " 12th Int. Conf. on Analysis and Optimization of Systems.
		  Images, Wavelets and PDEs",
  publisher	= "Springer",
  editor	= "M.O. Berger and R. Deriche and I. Herlin and J.Jaffr\'e
		  and J-M. Morel",
  year		= "1996"
}

@Article{	  cbab:determedgepreserreg,
  author	= "P. Charbonnier and L. Blanc-F{\'e}raud and G. Aubert and
		  M. Barlaud",
  title		= "Deterministic edge-preserving regularization in computed
		  imaging",
  journal	= "IEEE Trans. on Image Proc.",
  volume	= "6",
  numero	= "2",
  pages		= "298-311",
  year		= "1997"
}

@Unpublished{	  ccm:geomcolor,
  author	= "V. Caselles and B. Coll and J-M. Morel",
  title		= "Geometry and Color in Natural Images",
  note		= "In preparation"
}

@InProceedings{	  ccm:kaniprog,
  author	= "V. Caselles and B. Coll and J-M. Morel",
  title		= "A Kanizsa programme",
  booktitle	= "Progress in Nonlinear Differential Equs. and their
		  Applications",
  pages		= "35-55",
  year		= "1996"
}

@Article{	  ccm:topomap,
  author	= "V. Caselles and B. Coll and J-M. Morel",
  title		= "Topographic Maps and Local Contrast Changes in Natural
		  Images",
  journal	= "Int. J. Comp. Vision",
  volume	= "33",
  number	= "1",
  pages		= "5-27",
  year		= "1999"
}

@InCollection{	  cd:curveletssurp,
  author	= "E. Cand\`es and D. Donoho",
  title		= "Curvelets: a surprisingly effective nonadaptive
		  representation of objects with edges",
  booktitle	= "Curve and Surface Fitting : Saint-Malo 1999",
  publisher	= "Vanderbilt Univ. Press",
  editor	= "A. Cohen, C. Rabut, L. Schumaker",
  year		= "2000"
}

@Article{	  cd:nonlinearapprox,
  author	= "A. Cohen and J.P. D'Al\`es",
  title		= "Nonlinear approximation of random functions",
  journal	= "SIAM J. Appl. Math.",
  volume	= "57",
  number	= "2",
  pages		= "518-540",
  year		= "1997"
}

@Article{	  cd:ridgelets,
  author	= "E. Cand\`es and D. Donoho",
  title		= "Ridgelets: a key to higher-dimensional intermittency ?",
  journal	= "Phil. Trans. R. Soc. Lond. A.",
  pages		= "2495-2509",
  year		= "1999"
}

@InCollection{	  cd:transinvdenoising,
  author	= "R.R. Coifman and D.L. Donoho",
  title		= "Translation-invariant de-noising",
  booktitle	= "Wavelets and Statistics",
  publisher	= "Springer-Verlag",
  editor	= "A. Antoniadis and G. Oppenheim",
  pages		= "125-150",
  year		= "1995"
}

@Article{	  cdf:biorthobases,
  author	= "A. Cohen and I. Daubechies and J-C. Feauveau",
  title		= "Biorthogonal bases of compactly supported wavelets",
  journal	= "Commun. in Pure and Appl. Math.",
  volume	= "45",
  number	= "5",
  year		= "1992"
}

@Article{	  cdv:waveletsoninterval,
  author	= "A. Cohen and I. Daubechies and P. Vial",
  title		= "Wavelets and fast wavelet transforms on an interval",
  journal	= "Applied and Comput. Harmonic Ana.",
  volume	= "1",
  pages		= "54-81",
  year		= "1993"
}

@InProceedings{	  cf:imagecompression,
  author	= "A. Cohen and J. Froment",
  title		= "Image Compression and Multiscale Approximation",
  booktitle	= "Wavelets and Applications",
  publisher	= "Masson",
  editor	= "Y. Meyer",
  pages		= "181-206",
  year		= "1992"
}

@InProceedings{	  cf:topomap,
  author	= "B. Coll and J. Froment",
  title		= "Topographic Maps of Color Images",
  booktitle	= "Proc. of ICPR'2000",
  volume	= "3",
  pages		= "613-616",
  year		= "2000"
}

@Article{	  cfi:analysemulti,
  author	= "A. Cohen and J. Froment and J. Istas",
  title		= "Analyse multir{\'e}solution des signaux al{\'e}atoires",
  journal	= "Note aux C.R. Acad. Sci. Paris",
  volume	= "t.312",
  number	= "I",
  pages		= "567-570",
  year		= "1991",
  note		= "Analyse math\'ematique"
}

@InProceedings{	  chamb:pde,
  author	= "A. Chambolle",
  title		= "Partial Differential Equations and Image Processing",
  booktitle	= "Proc. of ICIP'94",
  pages		= "16-20",
  year		= "1994"
}

@Article{	  cil:viscositysol,
  author	= "M.G. Crandall and H. Ishii and P-L. Lions",
  title		= "User's Guide to Viscosity Solution of Second Order Partial
		  Differential Equations",
  journal	= "Bull. Amer. Math. Soc",
  volume	= "27",
  pages		= "1-67",
  year		= "1992"
}

@Article{	  cl:imagerecoverytv,
  author	= "A. Chambolle and P-L. Lions",
  title		= "Image Recovery via Total Variation Minimization and
		  Related Problems",
  journal	= "Numer. Math.",
  volume	= "76",
  pages		= "167-188",
  year		= "1997"
}

@Article{	  cm:remarquesanafourier,
  author	= "R.R. Coifman and Y. Meyer",
  title		= "Remarques sur l'analyse de Fourier {\`a} fen{\^e}tre",
  journal	= "Note aux C.R. Acad. Sci. Paris",
  pages		= "259-261",
  year		= "1991"
}

@InCollection{	  cm:sizepropertieswaveletpackets,
  author	= "R.R. Coifman and Y. Meyer",
  title		= "Size properties of wavelet packets",
  booktitle	= "Wavelets and their Applications",
  publisher	= "Jones and Bartlett",
  editor	= "B. Ruskai et al.",
  pages		= "125-150",
  year		= "1992"
}

@Article{	  cmm:highordertv,
  author	= "Tony Chan and Antonio Marquina and Pep Mulet",
  title		= "High-order total variation-based image restoration",
  journal	= "SIAM J. Sci. Comput.",
  volume	= "22",
  number	= "2",
  pages		= "503-516",
  year		= "2000"
}

@Article{	  cms:axiomimageinterpol,
  author	= "V. Caselles and J-M. Morel and C. Sbert",
  title		= "An Axiomatic Approach to Image Interpolation",
  journal	= "IEEE Trans. on Image Proc.",
  volume	= "7",
  number	= "3",
  pages		= "376-386",
  year		= "1998"
}

@Article{	  cs:combcalvarandwavelet,
  author	= "R.R. Coifman and A. Sowa",
  title		= "Combining the Calculus of Variations and Wavelets for
		  Image Enhancement",
  journal	= "Applied and Comput. Harmonic Ana.",
  volume	= "9",
  pages		= "1-18",
  year		= "2000"
}

@Article{	  cw:entropybasedalgorithms,
  author	= "R.R. Coifman and M.V. Wickerhauser",
  title		= "Entropy-based algorithms for best basis selection",
  journal	= "IEEE Trans. on Info. Theory",
  volume	= "38",
  number	= "2",
  pages		= "713-718",
  year		= "1992"
}

@InProceedings{	  cz:tvwavthres,
  author	= "Tony F. Chan and H.M. Zhou",
  title		= "Total variation improved wavelet thresholding in image
		  compression",
  booktitle	= "Proc. of ICIP'2000",
  year		= "2000"
}

@Unpublished{	  czc:contmethtv,
  author	= "T.F. Chan and H.M. Zhou and R.H. Chan",
  title		= "A continuation method for total variation denoising
		  problems",
  note		= "UCLA CAM Report 95-18, University of California, Los
		  Angeles, CA",
  year		= "1995"
}

% --- D
@Article{	  daub:orthobasescompactwavelets,
  author	= "I. Daubechies",
  title		= "Orthonormal bases of compactly supported wavelets",
  journal	= "Commun. in Pure and Appl. Math.",
  volume	= "41",
  pages		= "909-996",
  year		= "1988"
}

@Article{	  der:canny,
  author	= "R. Deriche",
  title		= "Using Canny's Criteria to derive a recursively implemented
		  optimal edge detector",
  journal	= "Int. J. Comp. Vision",
  pages		= "167-187",
  year		= "1987"
}

@InProceedings{	  df:artifactfree,
  author	= "S. Durand and J. Froment",
  title		= "Artifact free signal denoising with wavelets",
  booktitle	= "Proc. of ICASSP'01",
  volume	= "6",
  year		= "2001"
}

@Article{	  df:recwavcoeff,
  author	= "S. Durand and J. Froment",
  title		= "Reconstruction of wavelet coefficients using total
		  variation minimization",
  journal	= "SIAM J. Sci. Comput.",
  volume	= "24",
  number	= "5",
  pages		= "1754-1767",
  year		= "2003"
}

@Article{	  dj:ideal,
  author	= "D. Donoho and I. Johnstone",
  title		= "Ideal spatial adaptation via wavelet shrinkage",
  journal	= "Biometrika",
  volume	= "81",
  pages		= "425-455",
  year		= "1994"
}

@Article{	  djl:imagecompwavelet,
  author	= "R.A. DeVore and B. Jawerth and B.J. Lucier",
  title		= "Image compression through wavelet transform coding",
  journal	= "IEEE Trans. on Info. Theory",
  volume	= "38",
  pages		= "719-746",
  year		= "1992"
}

@Article{	  dk:globaltvmin,
  author	= "F. Dibos and G. Koepfler",
  title		= "Global Total Variation Minimization",
  journal	= "SIAM J. Numer. Anal.",
  volume	= "37",
  number	= "2",
  pages		= "646-664",
  year		= "2000"
}

@Article{	  dmr:deblur,
  author	= "S. Durand and F. Malgouyres and B. Roug\'e",
  title		= "Image deblurring, spectrum interpolation and application
		  to satellite imaging",
  journal	= "ESAIM:COCV Control, Opt. and Cal. of Var.",
  volume	= "5",
  pages		= "445-475",
  year		= "2000"
}

@Article{	  don:denoisingbysoftthres,
  author	= "D. Donoho",
  title		= "De-noising by soft-thresholding",
  journal	= "IEEE Trans. on Info. Theory",
  volume	= "41",
  pages		= "613-627",
  year		= "1995"
}

@Unpublished{	  don:wedlets,
  author	= "D. Donoho",
  title		= "Wedlets: nearly-minimax estimation of edges",
  year		= "1997",
  note		= "Tech. Rep. no 515, Statistics Dep., Stanford Univ."
}

@Article{	  ds:recoblockimages,
  author	= "D. Dobson and F. Santosa",
  title		= "Recovery of blocky images from noisy and blurred data",
  journal	= "SIAM J. Appl. Math.",
  volume	= "56",
  pages		= "1181-1199",
  year		= "1996"
}

@Article{	  dv:convitermethtv,
  author	= "David C. Dobson and Curtis R. Vogel",
  title		= "Convergence of an iterative method for total variation
		  denoising",
  journal	= "SIAM J. Numer. Anal.",
  volume	= "34",
  number	= "5",
  pages		= "1779-1791",
  year		= "1997"
}

@InProceedings{	  dv:orthofiniteridgelet,
  author	= "M. N. Do and M. Vetterli",
  title		= "Orthonormal finite ridgelet transform for image
		  compression",
  booktitle	= "Proc. of ICIP'2000",
  volume	= "2",
  pages		= "367-370",
  year		= "2000"
}

@InProceedings{	  dv:sigibbsfree,
  author	= "P.L. Dragotti and M. Vetterli",
  title		= "Shift-invariant Gibbs free denoising algorithm based on
		  wavelet tranform footprints",
  booktitle	= "Proc. of SPIE'2000, Wavelet Application in Signal and
		  Image Processing",
  year		= "2000"
}

@InProceedings{	  dv:wtfootprints,
  author	= "P.L. Dragotti and M. Vetterli",
  title		= "Wavelet transform footprints: catching singularities for
		  compression and denoising",
  booktitle	= "Proc. of ICIP'2000",
  volume	= "2",
  pages		= "363-366",
  year		= "2000"
}

% --- E
@Book{		  eg:measure,
  author	= "L. Evans and R. Gariepy",
  title		= "Measure Theory and Fine Properties of Functions",
  publisher	= "CRC Press",
  year		= "1992"
}

% --- F
@InProceedings{	  fm:anamultiechelle,
  author	= "J. Froment and J-M. Morel",
  title		= "Analyse multi-{\'e}chelle, vision st{\'e}r{\'e}o et
		  ondelettes",
  booktitle	= "Les ondelettes en 1989",
  publisher	= "Springer-Verlag",
  number	= "1438",
  year		= "1990",
  note		= "Lectures Notes in Math."
}

@InProceedings{	  fm:arbitrarylow,
  author	= "J. Froment and S. Mallat",
  title		= "Arbitrary Low Bit Rate Image Compression Using Wavelets",
  booktitle	= "Progress in Wavelet Analysis and Applications",
  publisher	= "Fronti\`eres",
  editor	= "Y. Meyer and S. Roques",
  pages		= "413-418",
  year		= "1993",
  note		= "Proc. Int. Conf. Wavelets and Application"
}

@InProceedings{	  fm:compimage,
  author	= "J. Froment and S. Mallat",
  title		= "Compression d'images et ondelettes : une double approche
		  contours et textures",
  booktitle	= "Actes de la session Ondelettes et paquets d'ondes",
  publisher	= "Inria",
  pages		= "227-247",
  year		= "1991"
}

@InProceedings{	  fm:secondgencompact,
  author	= "J. Froment and S. Mallat",
  title		= "Second Generation Compact Image Coding with Wavelets",
  booktitle	= "Wavelets - A Tutorial in Theory and Applications",
  publisher	= "Academic Press",
  editor	= "C.K. Chui",
  pages		= "655-678",
  year		= "1992"
}

@InProceedings{	  fm:secondgenimage,
  author	= "J. Froment and S. Mallat",
  title		= "Second Generation Image Coding and Wavelet Transform",
  booktitle	= "Proc. Int. Conf. First World Congress of Non Linear
		  Analysts'92",
  publisher	= "Walter de Gruyter \& Co.",
  editor	= " V. Lakshmikantham",
  pages		= "1923-1932",
  year		= "1996"
}

@Article{	  free:chaincode,
  author	= "H. Freeman",
  title		= "Computer processing of line drawings",
  journal	= "Comput. Surveys",
  volume	= "6",
  pages		= "57-97",
  year		= "1974"
}

@InProceedings{	  from:compactmultiscale,
  author	= "J. Froment",
  title		= "A Compact and Multiscale Image Model Based on Levels Sets",
  booktitle	= " Lecture Notes in Computer Science",
  publisher	= "Springer",
  editor	= "M. Nielsen and P. Johansen and O. Fogh Olsen and J.
		  Weickert",
  number	= "1682",
  pages		= "152-163",
  year		= "1999"
}

@Article{	  from:funcanamodel,
  author	= "J. Froment",
  title		= "A Functional Analysis Model for Natural Images Permitting
		  Structured Compression",
  journal	= "ESAIM:COCV Control, Opt. and Cal. of Var.",
  volume	= "4",
  pages		= "473-495",
  year		= "1999"
}

@InProceedings{	  from:imagecompllwp,
  author	= "J. Froment",
  title		= "Image compression through level lines and wavelets
		  packets",
  year		= "2001",
  publisher	= "Kluwer Acad.",
  editor	= "Arthur A. Petrosian and Fran{\c{c}}ois G. Meyer",
  page		= "305-339"
}

@InProceedings{	  from:imageretouch,
  author	= "J. Froment",
  title		= "Image Retouching Using Wavelet Maxima",
  booktitle	= "Proc. IEEE 8th Int. Work. on Image and Multidimensional
		  Signal Processing",
  year		= "1993"
}

@InProceedings{	  from:perceptible,
  author	= "J. Froment",
  title		= "Perceptible Level Lines and Isoperimetric Ratio",
  booktitle	= "Proc. of ICIP'2000",
  volume	= "2",
  pages		= "112-115",
  year		= "2000"
}

@PhDThesis{	  from:these,
  author	= "J. Froment",
  title		= "Traitement d'images et applications de la transform{\'e}e
		  en ondelettes",
  school	= "University of Paris-Dauphine",
  year		= "1990"
}

% --- G
@InProceedings{	  glm:jpeg2000,
  author	= "M.J. Gormish and D. Lee and M.W. Marcellin",
  title		= "JPEG 2000: overview, architecture and applications",
  booktitle	= "Proc. of ICIP'2000",
  volume	= "2",
  pages		= "29-32",
  year		= "2000"
}

@Article{	  gm:arenaturalimagesbv,
  author	= "Y. Gousseau and J-M. Morel",
  title		= "Are Natural Images of Bounded Variation?",
  journal	= "SIAM J. Math. Anal.",
  volume	= "33",
  number	= "3",
  pages		= "634-648",
  year		= "2001"
}

@InProceedings{	  gm:tvbaseinterpolation,
  author	= "F. Guichard and F. Malgouyres",
  title		= "Total Variation Based Interpolation",
  booktitle	= "Proc. of EUSIPCO'98",
  volume	= "3",
  pages		= "1741-1744",
  year		= "1998"
}

@InProceedings{	  gt:curve,
  author	= "F. Guichard and J-P. Tarel",
  title		= "Curve Finder Combining Perceptual Grouping and a Kalman
		  Like Fitting",
  booktitle	= "Proc. of ICCV'99",
  pages		= "1003-1008",
  year		= "1999"
}

% --- H
@Article{	  hm:reconszerocrossing,
  author	= "R. Hummel and R. Moniot",
  title		= "Reconstruction from zero-crossings in scale-space",
  journal	= "IEEE Trans. on Acoustic, Speech and Signal Proc.",
  volume	= "37",
  number	= "12",
  year		= "1989"
}

% --- K
@Book{		  kan:grammatica,
  author	= "G. Kanisza",
  title		= "Grammatica del Vedere",
  publisher	= "Il Mulino, Bologna",
  year		= "1980"
}

@Book{		  kan:vedere,
  author	= "G. Kanisza",
  title		= "Vedere e pensare",
  publisher	= "Il Mulino, Bologna",
  year		= "1991"
}

@Article{	  kbl:highcompression,
  author	= "M. Kunt and M. B\'enard and R. Leonardi",
  title		= "Recent Results in High-Compression Image Coding",
  journal	= "IEEE Trans. on Circuits and Systems",
  pages		= "1306-1336",
  year		= "1987"
}

@InProceedings{	  kht:levelline,
  author	= "Charles Kervrann and Mark Hoebeke and Alain Trubuil",
  title		= "A Level Line Selection Approach for Object Boundary
		  Estimation",
  booktitle	= "Proc. of ICCV'99",
  pages		= "963-968",
  year		= "1999"
}

@InProceedings{	  kmr:imdecon,
  author	= "J. Kalifa and S. Mallat and B. Roug\'e",
  title		= "Image deconvolution in mirror wavelet bases",
  booktitle	= "Proc. of ICIP'98",
  year		= "1998"
}

% --- L
@Article{	  lgs:interpolmedimageproc,
  author	= "T.M. Lehmann and C. G{\"o}nner and K. Spitzer",
  title		= "Survey : Interpolation Methods in Medical Image
		  Processing",
  journal	= "IEEE Trans. on Medical Imaging",
  volume	= "18",
  number	= "11",
  pages		= "1049-1075",
  year		= "1999"
}

@Article{	  lk:imcomp,
  author	= "A. Lewis and G. Knowles",
  title		= "Image compression using the 2-D wavelet transform",
  journal	= "IEEE Trans. on Image Proc.",
  pages		= "244-250",
  year		= "1992"
}

@Article{	  lp:prolate,
  author	= "H.J. Landau and H.O. Pollak",
  title		= "Prolate spheroidal wave functions, Fourier analysis and
		  uncertainty (iii): the dimension of the space of
		  essentially time and bandlimited signals",
  journal	= "Bell System Technical Journal",
  volume	= "41",
  pages		= "1295-1336",
  year		= "1962"
}

% --- M
@InProceedings{	  mal:combtvandwp,
  author	= "F. Malgouyres",
  title		= "Combining total variation and wavelet packet approaches
		  for image deblurring",
  booktitle	= "Proc. of IEEE work. on VLSM 2001, Vancouver, Canada",
  pages		= "57-64",
  year		= "2001"
}

@Article{	  mal:mintvundergenconvconstraint,
  author	= "F. Malgouyres",
  title		= "Minimizing the total variation under a general convex
		  constraint for image restoration",
  journal	= "IEEE Trans. on Image Proc.",
  volume	= "11",
  number	= "12",
  pages		= "1450-1456",
  year		= "2002"
}

@PhDThesis{	  mal:these,
  author	= "F. Malgouyres",
  title		= "Augmentation de r\'esolution d'images digitales: th\'eorie
		  variationnelle et applications",
  school	= "Ecole Normale Sup\'erieure de Cachan",
  year		= "2000"
}

@Book{		  mal:wavelettour,
  author	= "S. Mallat",
  title		= "A wavelet tour of signal processing",
  publisher	= "Academic Press",
  year		= "1997"
}

@Book{		  marr:vision,
  author	= "D. Marr",
  title		= "Vision",
  publisher	= "W.H.Freeman and Co.",
  year		= "1982"
}

@Article{	  mas:fastwp,
  author	= "F. Meyer and A. Averbuch and J-O. Stromberg",
  title		= "Fast Adaptive Wavelet Packet Image Compression",
  journal	= "IEEE Trans. on Image Proc.",
  volume	= "9",
  number	= "5",
  year		= "2000"
}

@InProceedings{	  masc:multilayeredimagerepresentation,
  author	= "F. Meyer and A. Averbuch and J-O. Stromberg and R.R.
		  Coifman",
  title		= "Multi-layered image representation: Application to image
		  compression",
  booktitle	= "Proc. of ICIP'98",
  year		= "1998"
}

@Article{	  mc:brushlets,
  author	= "F.G. Meyer and R.R. Coifman",
  title		= "Brushlets: a tool for directional image analysis and image
		  compression",
  journal	= "Applied and Comput. Harmonic Ana.",
  pages		= "147-187",
  year		= "1997"
}

@Unpublished{	  megawave2,
  author	= "J. Froment and L. Moisan (ed.)",
  title		= "MegaWave2 V.2.20",
  note		= "A free and open-source Unix image processing software for
		  reproducible research, available at
		  \verb+http://www.cmla.ens-cachan.fr+",
  year		= "2003"
}

@Article{	  mer:edgebasedwavelet,
  author	= "A. Mertins",
  title		= "Image compression via edge-based wavelet transform",
  journal	= "Opt. Eng.",
  volume	= "38",
  number	= "6",
  pages		= "991-1000",
  year		= "1999"
}

@Unpublished{	  mey:waveletpacketcoder,
  author	= "F. Meyer",
  title		= "Wavelet packet coder and decoder",
  note		= "Binaries available for Linux on Pentium processors at
		  \verb+http://ece-www.colorado.edu/~fmeyer/distrib.html+",
  year		= "1999"
}

@Article{	  mg:fastcomputation,
  author	= "P. Monasse and F. Guichard",
  title		= "Fast Computation of a Contrast-Invariant Image
		  Representation",
  journal	= "IEEE Trans. on Image Proc.",
  year		= "2000",
  volume	= "9",
  number	= "5",
  pages		= "860-872"
}

@InCollection{	  mg:scalespace,
  author	= "P. Monasse and F. Guichard",
  title		= "Scale-Space from a Level Lines Tree",
  booktitle	= "Scale-Space Theories in Computer Vision",
  publisher	= "Lecture Notes in Computer Science 1682",
  pages		= "175-186",
  year		= "1999"
}

@InProceedings{	  mm:diso,
  author	= "S. Masnou and J-M. Morel",
  title		= "Level lines based disocclusion",
  booktitle	= "Proc. of ICIP'98",
  year		= "1998"
}

@Unpublished{	  mois:antiringing,
  author	= "L. Moisan",
  title		= "Antiringing et interpolation en {\'e}chantillonnage
		  quelconque",
  year		= "mai 2000",
  note		= "Rapport interm{\'e}diaire sur projet CNES"
}

@InProceedings{	  mois:extrapolation,
  author	= "Lionel Moisan",
  title		= "Extrapolation de spectre et variation totale pond\'er\'ee",
  booktitle	= "Proc. of Gretsi'01, Toulouse, France",
  year		= "2001"
}

@PhDThesis{	  mois:these,
  author	= "L. Moisan",
  title		= "Traitement num\'erique d'images et de films : \'equations
		  aux d\'eriv\'ees partielles pr\'eservant forme et relief",
  school	= "University of Paris-Dauphine",
  year		= "1997"
}

@Book{		  ms:variat,
  author	= "J-M. Morel and S. Solimini",
  title		= "Variational Methods in Image Segmentation",
  publisher	= "Birkhauser",
  year		= "1995"
}

@Article{	  mz:charsigmultiedges,
  author	= "S. Mallat and S. Zhong",
  title		= "Characterization of signals from multiscale edges",
  journal	= "IEEE Trans. Pattern Recog. and Machine Intell.",
  volume	= "14",
  number	= "7",
  pages		= "710-732",
  year		= "1992"
}

% --- N
@Article{	  niko:localstronghomo,
  author	= "Mila Nikolova",
  title		= "Local strong homogeneity of a regularized estimator",
  journal	= "SIAM J. Appl. Math.",
  volume	= "61",
  number	= "2",
  pages		= "633-658",
  year		= "2000"
}

@Book{		  nw:mathmethimrecons,
  author	= "F. Natterer and F. W{\"u}bbeling",
  title		= "Mathematical Methods in Image Reconstruction",
  publisher	= "SIAM",
  isbn		= "0-89871-472-9",
  year		= "2001"
}

% --- O
@Article{	  or:featorientimageenhan,
  author	= "S. Osher and L. Rudin",
  title		= "Feature-Oriented Image Enhancement Using Shock Filters",
  journal	= "SIAM J. Numer. Anal.",
  volume	= "27",
  pages		= "919-940",
  year		= "1990"
}

% --- P
@InProceedings{	  pd:pde,
  author	= "N. Paragios and R. Deriche",
  title		= "A PDE-based Level Set approach for Detection and Tracking
		  of moving objects",
  booktitle	= "Proc. of ICCV'98",
  pages		= "1139-1145",
  year		= "1998"
}

@Article{	  pj:optrecintissuestv,
  author	= "K.D. Paulsen and H. Jiang",
  title		= "Enhanced frequency-domain optical image reconstruction in
		  tissues through total variation minimization",
  journal	= "Appl. Opt.",
  volume	= "35",
  pages		= "3447-3458",
  year		= "1996"
}

@InProceedings{	  pm:geomwave,
  author	= "E. Le Pennec and S. Mallat",
  title		= "Image compression with geometrical wavelets",
  booktitle	= "Proc. of ICIP'2000",
  volume	= "1",
  pages		= "661-664",
  year		= "2000"
}

% --- R
@Article{	  rof:nonlineartvnoiseremoval,
  author	= "L.I. Rudin and S. Osher and E. Fatemi",
  title		= "Nonlinear total variation based noise removal algorithms",
  journal	= "Physica D",
  volume	= "60",
  pages		= "259-268",
  year		= "1992"
}

@PhDThesis{	  rouge:hdr,
  author	= "B. Roug\'e",
  title		= "Th\'eorie de la cha\^{\i}ne image optique et restauration",
  school	= "Universit\'e Paris 9 - Dauphine",
  year		= "1997",
  note		= "Habilitation \`a Diriger des Recherches"
}

@InProceedings{	  ru:tv,
  author	= "L. Rudin and S. Osher",
  title		= "Total Variation based image restoration with free local
		  constraints",
  booktitle	= "Proc. IEEE Int. Conf. on Image Processing",
  pages		= "31-35",
  volume	= "1",
  year		= "1994"
}

% --- S
@Article{	  scd:curvelettransfimagedenoising,
  author	= "Jean-Luc Starck and Emmanuel J. Cand\`es and David L.
		  Donoho",
  title		= "The Curvelet Transform for Image Denoising",
  journal	= "IEEE Trans. on Image Proc.",
  volume	= "11",
  number	= "6",
  pages		= "670-684",
  year		= "2002"
}

@Book{		  ser:imana,
  author	= "J. Serra",
  title		= "Image analysis and mathematical morphology",
  publisher	= "Academic Press",
  year		= "1982"
}

@Article{	  sha:ezw,
  author	= "J. Shapiro",
  title		= "Embedded Image Coding Using Zerotrees of Wavelet
		  Coefficients",
  journal	= "IEEE Trans. on Signal Processing",
  volume	= "41",
  number	= "12",
  pages		= "3445-3462",
  year		= "1993"
}

@Book{		  shor:minmethnondifffunc,
  author	= "N.Z. Shor",
  title		= "Minimization Methods for Non-Differentiable Functions",
  publisher	= "Springer-Verlag",
  year		= "1985"
}

@Article{	  sk:reviewpostproctechn,
  author	= "M-Y. Shen and C-C. J. Kuo",
  title		= "Review of Postprocessing Techniques for Compression
		  Artifact Removal",
  journal	= "J. Visual Comm. and Image Representation",
  volume	= "9",
  number	= "1",
  pages		= "2-14",
  year		= "1998"
}

@Article{	  sr:aniso,
  author	= "G. Sapiro and D-L. Ringach",
  title		= "Anisotropic Diffusion of Multivalued Images with
		  Applications to Color Filtering",
  journal	= "IEEE Trans. on Image Proc.",
  volume	= "5",
  pages		= "1582-1586",
  year		= "1996"
}

@Article{	  sul:scaquan,
  author	= "G.J. Sullivan",
  title		= "Efficient scalar quantization of exponential and laplacian
		  random variables",
  journal	= "IEEE Trans. on Information Theory",
  volume	= "42",
  number	= "5",
  pages		= "1365-1374",
  year		= "1996"
}

@Article{	  swe:lifting,
  author	= "W. Sweldens",
  title		= "The lifting scheme: a construction of second generation
		  wavelets",
  journal	= "SIAM J. of Math. Analysis",
  year		= "1995"
}

% --- V
@Article{	  vo:itermethtv,
  author	= "C.R. Vogel and M.E. Oman",
  title		= "Iterative method for total variation denoising",
  journal	= "SIAM J. Sci. Comput.",
  volume	= "17",
  number	= "1",
  pages		= "227-238",
  year		= "1996"
}

% --- W
@Article{	  wal:jpeg,
  author	= "G.K. Wallace",
  title		= "The JPEG still picture compression standard",
  journal	= "Communications of the ACM",
  volume	= "34",
  number	= "4",
  pages		= "31-44",
  year		= "1991"
}

@Article{	  wer:gestalt,
  author	= "M. Wertheimer",
  title		= "Untersuchungen zur Lehre der Gestalt",
  journal	= "Psychologische Forschung",
  volume	= "IV",
  pages		= "301-350",
  year		= "1923"
}

@Book{		  wick:fromtherorytosoftware,
  author	= "M. V. Wickerhauser",
  title		= "Adapted Wavelet Analysis from Theory to Software",
  publisher	= "AK Peters",
  year		= "1994"
}

@InProceedings{	  wit:scalespace,
  author	= "A.P. Witkin",
  title		= "Scale-space filtering",
  booktitle	= "Proc. of IJCAI, Karlsruhe",
  pages		= "1019-1021",
  year		= "1983"
}

@Article{	  wnc:arithcod,
  author	= "I.H. Witten and R.M. Neal and J.G. Cleary",
  title		= "Arithmetic coding for data compression",
  journal	= "Communications of the ACM",
  volume	= "30",
  number	= "6",
  pages		= "520-540",
  year		= "1987"
}

% --- X
@Article{	  xro:wpcod,
  author	= "Z. Xiong and K. Ramchandran and M.T. Orchard",
  title		= "Wavelet packets coding using space-frequency quantization",
  journal	= "IEEE Trans. on Image Proc.",
  volume	= "7",
  number	= "6",
  pages		= "892-898",
  year		= "1998"
}

% --- Y
@Article{	  ygk:regrecreduceblockartifacts,
  author	= "Y. Yang and N.P. Galatsanos and A. K. Katsaggelos",
  title		= "Regularized Reconstruction to Reduce Blocking Artifacts of
		  Block Discrete Cosine Transform Compressed Images",
  journal	= "IEEE Trans. on Circuits and Systems for Video Tech.",
  pages		= "421-432",
  volume	= "3",
  number	= "6",
  year		= "1993"
}
