%----------------------------------------------------------------------------
% Base bibliographique, liste des publications personnelles
% A utiliser avec bibtex sur le *.tex et un style bibliographique (*.bst).
%----------------------------------------------------------------------------
% Classement par date de parution decroissante.
% V1.4 20/05/03

@Unpublished{ADF:RestoreJPEG,
author="F. Alter and S. Durand and J. Froment",
title="Restoring JPEG images using total variation minimization",
year="2003",
note="Preprint CMLA"
}

@Article{DF:RecWavCoeff,
author="S. Durand and J. Froment",
title="Reconstruction of wavelet coefficients using total variation minimization",
journal="SIAM J. Sci. Comput.",
volume="24",
number="5",
pages="1754-1767",
year="2003"
}

@Inproceedings{From:ImageCompLLWP,
author="J. Froment",
title="Image compression through level lines and wavelets packets",
year="2001",
publisher="Kluwer Acad.",
editor="Arthur A. Petrosian and François G. Meyer",
page="305-339",
year="2001"
}

@Inproceedings{DF:ArtifactFree,
author="S. Durand and J. Froment",
title="Artifact free signal denoising with wavelets",
booktitle="Proc. of ICASSP'01", 
volume="6",
year="2001"
}
%note="SPTM P7",

@Inproceedings{From:Perceptible,
author="J. Froment",
title="Perceptible Level Lines and Isoperimetric Ratio",
booktitle="Proc. of ICIP'2000", 
volume="2",
pages="112-115", 
year="2000"
}

@Inproceedings{CF:TopoMap,
author="B. Coll and J. Froment",
title="Topographic Maps of Color Images",
booktitle="Proc. of ICPR'2000", 
volume="3",
pages="613-616", 
year="2000"
}

@Unpublished{Megawave2,
author="J. Froment and L. Moisan (ed.)",
title="MegaWave2 V.2.20",
note="A free and open-source Unix image processing software for reproducible research, available at \verb+http://www.cmla.ens-cachan.fr+",
year="2003"
}

@Article{AFM:ReconsVisu,
author="J-P. D'Al\`es and J. Froment and J-M. Morel",
title="Reconstruction visuelle et g\'en\'ericit\'e", 
journal="Intellectica",
volume="1",
number="8",
pages="11-35",
year="1999"
}

@Inproceedings{From:CompactMultiscale,
author="J. Froment",
title="A Compact and Multiscale Image Model Based on Levels Sets",
booktitle=" Lecture Notes in Computer Science", 
publisher="Springer",
editor="M. Nielsen and P. Johansen and O. Fogh Olsen and J. Weickert",
number="1682",
pages="152-163", 
year="1999"
}
% note="Proc. Sec. Int. Conf. Scale-Space'99"


@Article{From:FuncAnaModel,
author="J. Froment",
title="A Functional Analysis Model for Natural Images Permitting Structured Compression", 
journal="ESAIM:COCV Control, Opt. and Cal. of Var.",
volume="4",
pages="473-495",
year="1999"
}

@Inproceedings{FM:SecondGenImage,
author="J. Froment and S. Mallat",
title="Second Generation Image Coding and Wavelet Transform",
booktitle="Proc. Int. Conf. First World Congress of Non Linear Analysts'92", 
publisher="Walter de Gruyter \& Co.",
editor=" V. Lakshmikantham",
pages="1923-1932", 
year="1996"
}

@Inproceedings{From:ImageRetouch,
author="J. Froment",
title="Image Retouching Using Wavelet Maxima",
booktitle="Proc. IEEE 8th Int. Work. on Image and Multidimensional Signal Processing", 
year="1993"
}

@Inproceedings{FM:ArbitraryLow,
author="J. Froment and S. Mallat",
title="Arbitrary Low Bit Rate Image Compression Using Wavelets",
booktitle="Progress in Wavelet Analysis and Applications", 
publisher="Fronti\`eres",
editor="Y. Meyer and S. Roques",
pages="413-418", 
year="1993",
note="Proc. Int. Conf. Wavelets and Application"
}

@Inproceedings{CF:ImageCompression,
author="A. Cohen and J. Froment",
title="Image Compression and Multiscale Approximation",
booktitle="Wavelets and Applications", 
publisher="Masson",
editor="Y. Meyer",
pages="181-206", 
year="1992"
}

@Inproceedings{FM:SecondGenCompact,
author="J. Froment and S. Mallat",
title="Second Generation Compact Image Coding with Wavelets",
booktitle="Wavelets - A Tutorial in Theory and Applications", 
publisher="Academic Press",
editor="C.K. Chui",
pages="655-678", 
year="1992"
}

@Article{CFI:AnalyseMulti,
author="A. Cohen and J. Froment and J. Istas",
title="Analyse multirésolution des signaux aléatoires", 
journal="Note aux C.R. Acad. Sci. Paris",
volume="t.312",
number="I",
pages="567-570",
year="1991",
note="Analyse math\'ematique"
}

@Inproceedings{FM:CompImage,
author="J. Froment and S. Mallat",
title="Compression d'images et ondelettes : une double approche contours et textures",
booktitle="Actes de la session Ondelettes et paquets d'ondes", 
publisher="Inria",
pages="227-247", 
year="1991"
}

@Phdthesis{From:These,
author="J. Froment",
title="Traitement d'images et applications de la transformée en ondelettes",
school="University of Paris-Dauphine",
year="1990"
}

@Inproceedings{FM:AnaMultiEchelle,
author="J. Froment and J-M. Morel",
title="Analyse multi-échelle, vision stéréo et ondelettes",
booktitle="Les ondelettes en 1989", 
publisher="Springer-Verlag",
number="1438",
year="1990",
note="Lectures Notes in Math.",
}


