
%----------------------------------------------------------------------------
% Bibliographic database for public MegaWave2 modules
%
% Keys for citation are generated by "bibtool -k" (set "pass.comments = on"
% on BibTool resource file). To include http links (e.g. to a preprint), use
% the macro \hturl in the "note" field.
%----------------------------------------------------------------------------
%----------------------------------------------------------------------------
% This file is part of the MegaWave2 distribution. 
% MegaWave2 is a "soft-publication" for the scientific community. It has
% been developed for research purposes and it comes without any warranty.
% The last version is available at http://www.cmla.ens-cachan.fr/Cmla/Megawave
% CMLA, Ecole Normale Superieure de Cachan, 61 av. du President Wilson,
%       94235 Cachan cedex, France. 
%-----------------------------------------------------------------------------
% Version 1.0
% V 1.0 : initial release (JF)

% --- A
@Article{	  alvarez.guichard.ea:axioms,
  author	= "L. Alvarez and F. Guichard and P-L. Lions and J-M. Morel",
  title		= "Axioms and fundamental equations of image processing",
  journal	= "Arch. Rational Mechanics and Anal.",
  volume	= "16",
  number	= "9",
  pages		= "200-257",
  year		= "1993"
}

@Article{	  aronsson:extension,
  author	= "G. Aronsson",
  title		= "Extension of functions satisfying Lipschitz conditions",
  journal	= "Ark. Math.",
  volume	= "6",
  pages		= "551-561",
  year		= "1967"
}

% --- B
@Unpublished{	  ballester.caselles.ea:tree,
  author	= "C. Ballester and V. Caselles and P. Monasse",
  title		= "The Tree of Shapes of an Image",
  year		= "2001",
  note		= "Preprint CMLA 2001-02, available at
		  \hturl{http://www.cmla.ens-cachan.fr/Cmla/Publications/2001/CMLA2001-02.ps.gz}"
		  
}

% --- C
@Article{	  canny:computational,
  author	= "J. Canny",
  title		= "A computational approach to edge detection",
  journal	= "IEEE Trans. Pattern Ana. and Machine Intell.",
  volume	= "8",
  pages		= "679-698",
  year		= "1986"
}

@Article{	  cao:absolutely,
  author	= "F. Cao",
  title		= "Absolutely minimizing Lipschitz extension with
		  discontinuous boundary data",
  journal	= "Note aux C.R. Acad. Sci. Paris",
  volume	= "t.327",
  number	= "I",
  pages		= "563-568",
  year		= "1998"
}

@Article{	  cao.moisan:geometric,
  author	= "F. Cao and L. Moisan",
  title		= "Geometric computation of curvature driven plane curve
		  evolution",
  journal	= "SIAM J. Numer. Anal.",
  volume	= "39",
  number	= "2",
  pages		= "624-646",
  year		= "2001"
}

@Article{	  caselles.catte.ea:geometric,
  author	= "V. Caselles and F. Catt\'e and B. Coll and F. Dibos",
  title		= "A geometric model for active contours in image processing",
  journal	= "Numer. Math.",
  volume	= "66",
  pages		= "1-31",
  year		= "1993"
}

@InProceedings{	  caselles.coll.ea:kanizsa,
  author	= "V. Caselles and B. Coll and J-M. Morel",
  title		= "A Kanizsa programme",
  booktitle	= "Progress in Nonlinear Differential Equs. and their
		  Applications",
  pages		= "35-55",
  year		= "1996"
}

@Article{	  caselles.coll.ea:topographic,
  author	= "V. Caselles and B. Coll and J-M. Morel",
  title		= "Topographic Maps and Local Contrast Changes in Natural
		  Images",
  journal	= "Int. J. Comp. Vision",
  volume	= "33",
  number	= "1",
  pages		= "5-27",
  year		= "1999"
}

@Article{	  caselles.kimmel.ea:geodesic,
  author	= "V. Caselles and R. Kimmel and G. Sapiro",
  title		= "Geodesic active contours",
  journal	= "Int. J. Comp. Vision",
  volume	= "1",
  number	= "22",
  pages		= "61-79",
  year		= "1997"
}

@Article{	  caselles.lisani.ea:shape,
  author	= "V. Caselles and J-L. Lisani and J-M. Morel and G. Sapiro",
  title		= "Shape Preserving Local Histogram Modification",
  journal	= "IEEE Trans. on Image Proc.",
  volume	= "8",
  number	= "2",
  pages		= "220-230",
  year		= "1999",
  note		= "Available at
		  \hturl{http://www.iua.upf.es/~vcaselles/papers_v/ShapeLHisto.pdf}"
		  
}

@Article{	  caselles.morel.ea:axiomatic,
  author	= "V. Caselles and J-M. Morel and C. Sbert",
  title		= "An Axiomatic Approach to Image Interpolation",
  journal	= "IEEE Trans. on Image Proc.",
  volume	= "7",
  number	= "3",
  pages		= "376-386",
  year		= "1998"
}

@Article{	  chambolle.lions:image,
  author	= "A. Chambolle and P-L. Lions",
  title		= "Image Recovery via Total Variation Minimization and
		  Related Problems",
  journal	= "Numer. Math.",
  volume	= "76",
  pages		= "167-188",
  year		= "1997"
}

@Article{	  cohen.daubechies.ea:biorthogonal,
  author	= "A. Cohen and I. Daubechies and J-C. Feauveau",
  title		= "Biorthogonal bases of compactly supported wavelets",
  journal	= "Commun. in Pure and Appl. Math.",
  volume	= "45",
  number	= "5",
  year		= "1992"
}

@Article{	  cohen.daubechies.ea:wavelets,
  author	= "A. Cohen and I. Daubechies and P. Vial",
  title		= "Wavelets and fast wavelet transforms on an interval",
  journal	= "Applied and Comput. Harmonic Ana.",
  volume	= "1",
  pages		= "54-81",
  year		= "1993"
}

@PhDThesis{	  cohignac:reconnaissance,
  author	= "T. Cohignac",
  title		= "Reconnaissance de formes planes",
  school	= "Universit\'e Paris IX Dauphine",
  address	= "France",
  year		= "1994"
}

@InProceedings{	  coll.froment:topographic,
  author	= "B. Coll and J. Froment",
  title		= "Topographic Maps of Color Images",
  booktitle	= "Proc. of ICPR'2000",
  volume	= "3",
  pages		= "613-616",
  year		= "2000"
}

% --- D
@Article{	  daubechies:orthonormal,
  author	= "I. Daubechies",
  title		= "Orthonormal bases of compactly supported wavelets",
  journal	= "Commun. in Pure and Appl. Math.",
  volume	= "41",
  pages		= "909-996",
  year		= "1988"
}

@Article{	  deriche:using,
  author	= "R. Deriche",
  title		= "Using Canny's Criteria to derive a recursively implemented
		  optimal edge detector",
  journal	= "Int. J. Comp. Vision",
  pages		= "167-187",
  year		= "1987"
}

@InCollection{	  desolneux.moisan.ea:variational,
  author	= "A. Desolneux and L. Moisan and J-M. Morel",
  title		= "Variational Snakes Theory",
  booktitle	= "Geometric Level Set Methods in Imaging, Vision and
		  Graphics",
  publisher	= "Springer Verlag",
  editor	= "S. Osher and N. Paragios",
  year		= "2003"
}

@Article{	  desolneux.moisan.ea:edge,
  author	= "A. Desolneux and L. Moisan and J-M. Morel",
  title		= "Edge Detection by Helmholtz Principle",
  journal	= "J. Math. Imaging and Vision ",
  volume	= "14",
  number	= "3",
  pages		= "271-284",
  year		= "2001"
}

@Article{	  desolneux.moisan.ea:meaningful,
  author	= "A. Desolneux and L. Moisan and J-M. Morel",
  title		= "Meaningful Alignments",
  journal	= "Int. J. Comp. Vision",
  volume	= "40",
  number	= "1",
  pages		= "7-23",
  year		= "2000"
}

@Article{	  donoho:de-noising,
  author	= "D. Donoho",
  title		= "De-noising by soft-thresholding",
  journal	= "IEEE Trans. on Info. Theory",
  volume	= "41",
  pages		= "613-627",
  year		= "1995"
}

@Article{	  donoho.johnstone:ideal,
  author	= "D. Donoho and I. Johnstone",
  title		= "Ideal spatial adaptation via wavelet shrinkage",
  journal	= "Biometrika",
  volume	= "81",
  pages		= "425-455",
  year		= "1994"
}

@InProceedings{	  durand.froment:artifact,
  author	= "S. Durand and J. Froment",
  title		= "Artifact free signal denoising with wavelets",
  booktitle	= "Proc. of ICASSP'01",
  volume	= "6",
  year		= "2001"
}

@Article{	  durand.froment:reconstruction,
  author	= "S. Durand and J. Froment",
  title		= "Reconstruction of wavelet coefficients using total
		  variation minimization",
  journal	= "SIAM J. Sci. Comput.",
  volume	= "24",
  number	= "5",
  pages		= "1754-1767",
  year		= "2003",
  note		= "Online access at
		  \hturl{http://epubs.siam.org/sam-bin/dbq/article/39779}."
}

% --- E

% --- F
@Article{	  freeman:computer,
  author	= "H. Freeman",
  title		= "Computer processing of line drawings",
  journal	= "Comput. Surveys",
  volume	= "6",
  pages		= "57-97",
  year		= "1974"
}

@Article{	  froment:functional,
  author	= "J. Froment",
  title		= "A Functional Analysis Model for Natural Images Permitting
		  Structured Compression",
  journal	= "ESAIM:COCV Control, Opt. and Cal. of Var.",
  volume	= "4",
  pages		= "473-495",
  year		= "1999",
  note		= "Online access at
		  \hturl{http://www.edpsciences.org/articles/cocv/abs/1999/01/cocvVol4-18/cocvVol4-18.html}."
		  
}

@InProceedings{	  froment:perceptible,
  author	= "J. Froment",
  title		= "Perceptible Level Lines and Isoperimetric Ratio",
  booktitle	= "Proc. of ICIP'2000",
  volume	= "2",
  pages		= "112-115",
  year		= "2000"
}

@Article{	  fua.leclerc:model,
  author	= "P. Fua and Y.G. Leclerc",
  title		= "Model driven edge detection",
  journal	= "Machine Vision and Applications",
  volume	= "3",
  pages		= "45-56",
  year		= "1990"
}

% --- G
@Book{		  gersho.gray:vector,
  author	= "A. Gersho and R.M. Gray",
  title		= "Vector quantization and signal compression",
  publisher	= "Kluwer Ac. Pub.",
  address	= "Boston",
  year		= "1992"
}

@Article{	  gage.hamilton:heat,
  author	= "M. Gage and R.S. Hamilton",
  title		= "The heat equation shrinking convex plane curves",
  journal	= "J. of Differential Geometry",
  volume	= "23",
  pages		= "69-96",
  year		= "1986"
}

@Article{	  grayson:heat,
  author	= "M.A. Grayson",
  title		= "The heat equation shrinks embedded plane curves to round
		  points",
  journal	= "J. of Differential Geometry",
  volume	= "26",
  pages		= "285-314",
  year		= "1987"
}

% --- H
@InProceedings{	  harris.stephens:combined,
  author	= "C.G. Harris and M. Stephens",
  title		= "A combined corner and edge detector",
  booktitle	= "4th Alvey Vision Conference",
  address	= "Manchester",
  pages		= "189-192",
  year		= "1988"
}

% --- I

% --- J

% --- K
@InProceedings{	  kass.witkin.ea:snakes,
  author	= "M. Kass and A. Witkin and D. Terzopoulos",
  title		= "Snakes: active contour models",
  booktitle	= "IEEE Int. Comp. Vis. Conf.",
  volume	= "777",
  year		= "1987"
}

@InProceedings{	  kimmel.bruckstein:on,
  author	= "R. Kimmel and A. Bruckstein",
  title		= "On edge detection, edge integration and geometric active
		  contours",
  booktitle	= "Proc. Int. Symposium on Mathematical Morphology (ISMM
		  2002)",
  address	= "Sydney",
  year		= "2002"
}

% --- L
@Article{	  landau.pollak:prolate,
  author	= "H.J. Landau and H.O. Pollak",
  title		= "Prolate spheroidal wave functions, Fourier analysis and
		  uncertainty (iii): the dimension of the space of
		  essentially time and bandlimited signals",
  journal	= "Bell System Technical Journal",
  volume	= "41",
  pages		= "1295-1336",
  year		= "1962"
}

@Article{	  linde.buzo.ea:algorithm,
  author	= "Y. Linde and A. Buzo and R.M. Gray",
  title		= "An algorithm for vector quantizer design",
  journal	= "IEEE Trans. on Com.",
  volume	= "28",
  pages		= "84-95",
  year		= "1980"
}

@PhDThesis{	  lisani:comparaison,
  author	= "J-L. Lisani",
  title		= "Comparaison automatique d'images par leurs formes",
  school	= "Universit\'e Paris IX Dauphine",
  address	= "France",
  year		= "2001"
}

@Article{	  lisani.monasse.ea:on,
  author	= "J-L. Lisani and P. Monasse and L. Moisan and J-M. Morel",
  title		= "On the Theory of Planar Shape",
  journal	= "SIAM J. on Multiscale Modeling and Simulation",
  volume	= "1",
  number	= "1",
  pages		= "1-24",
  year		= "2003"
}

% --- M
@Article{	  mackworth.mokhtarian:scale-based,
  author	= "A. Mackworth and F. Mokhtarian",
  title		= "Scale-Based description and recognition of planar curves
		  and two-dimensional shapes",
  journal	= "IEEE Trans. Pattern Analysis and Machine Intell.",
  volume	= "8",
  number	= "1",
  year		= "1986"
}

@Article{	  mackworth.mokhtarian:theory,
  author	= "A. Mackworth and F. Mokhtarian",
  title		= "A theory of multiscale, curvature-based shape
		  representation for planar curves",
  journal	= "IEEE Trans. Pattern Analysis and Machine Intell.",
  volume	= "14",
  pages		= "789-805",
  year		= "1992"
}

@Article{	  mallat:theory,
  author	= "S. Mallat",
  title		= "A theory for multiresolution signal decomposition, the
		  wavelet representation",
  journal	= "IEEE Trans. Pattern Ana. and Machine Intell.",
  volume	= "2",
  number	= "7",
  year		= "1989"
}

@Book{		  mallat:wavelet,
  author	= "S. Mallat",
  title		= "A wavelet tour of signal processing",
  publisher	= "Academic Press",
  year		= "1997"
}

@PhDThesis{	  masnou:filtrage,
  author	= "Simon Masnou",
  title		= "Filtrage et d{\'e}socclusion d'images par m{\'e}thodes
		  d'ensembles de niveau",
  school	= "Universit\'e Paris IX Dauphine",
  address	= "France",
  year		= "1998"
}

@InProceedings{	  masnou.morel:image,
  author	= "S. Masnou and J-M. Morel",
  title		= "Image Restoration Involving Connectedness",
  booktitle	= "Proc. of the $6^{th}$ Int. Workshop on Digital I.P. and
		  Comp. Graphics, SPIE {\bf 3346}",
  address	= "Vienna, Austria",
  year		= "1998"
}

@InProceedings{	  masnou.morel:level,
  author	= "S. Masnou and J-M. Morel",
  title		= "Level lines based disocclusion",
  booktitle	= "Proc. of ICIP'98",
  year		= "1998"
}

@Article{	  moisan:affine,
  author	= "L. Moisan",
  title		= "Affine Plane Curve Evolution : a Fully Consistent Scheme",
  journal	= "IEEE Trans. on Image Proc.",
  year		= "1998",
  volume	= "7",
  number	= "3",
  pages		= "411-420"
}

@Unpublished{	  moisan:modelling,
  author	= "Lionel Moisan",
  title		= "Modelling in image processing",
  note		= "DEA Math\'ematiques, Vision, Apprentissage (MVA), Ecole
		  Normale Sup\'erieure de Cachan",
  year		= "2002"
}

@Article{	  monasse.guichard:fast,
  author	= "P. Monasse and F. Guichard",
  title		= "Fast Computation of a Contrast-Invariant Image
		  Representation",
  journal	= "IEEE Trans. on Image Proc.",
  year		= "2000",
  volume	= "9",
  number	= "5",
  pages		= "860-872",
  note		= "Preprint CMLA 9815, available at
		  \hturl{http://www.cmla.ens-cachan.fr/Cmla/Publications/1998/CMLA9815.ps.gz}"
		  
}

@InCollection{	  monasse.guichard:scale-space,
  author	= "P. Monasse and F. Guichard",
  title		= "Scale-Space from a Level Lines Tree",
  booktitle	= "Scale-Space Theories in Computer Vision",
  publisher	= "Lecture Notes in Computer Science 1682",
  pages		= "175-186",
  year		= "1999"
}

@Book{		  morel.solimini:variational,
  author	= "J-M. Morel and S. Solimini",
  title		= "Variational Methods in Image Segmentation",
  publisher	= "Birkhauser",
  year		= "1995"
}

% --- N

% --- O

% --- P
@PhDThesis{	  pasquignon:approximation,
  author	= "D. Pasquignon",
  title		= "Approximation de propagation de fronts avec ou sans termes
		  non locaux. Application {\`a} la squelettisation de formes",
  school	= "Universit\'e Paris IX Dauphine",
  address	= "France",
  year		= "1999"
}

@Book{		  press.flannery.ea:numerical,
  author	= "W.H. Press and B.P. Flannery and S.A. Teukolsky and W.T.
		  Vetterling",
  title		= "Numerical Recipes in C",
  publisher	= "Cambridge University Press",
  year		= "1988",
  note		= "Available at
		  \hturl{http://lib-www.lanl.gov/numerical/bookcpdf.html}"
}

% --- Q

% --- R
@Article{	  rudin.osher.ea:nonlinear,
  author	= "L.I. Rudin and S. Osher and E. Fatemi",
  title		= "Nonlinear total variation based noise removal algorithms",
  journal	= "Physica D",
  volume	= "60",
  pages		= "259-268",
  year		= "1992"
}

@InProceedings{	  rudin.osher:total,
  author	= "L. Rudin and S. Osher",
  title		= "Total Variation based image restoration with free local
		  constraints",
  booktitle	= "Proc. IEEE Int. Conf. on Image Processing",
  pages		= "31-35",
  volume	= "1",
  year		= "1994"
}

% --- S
@Article{	  shapiro:embedded,
  author	= "J. Shapiro",
  title		= "Embedded Image Coding Using Zerotrees of Wavelet
		  Coefficients",
  journal	= "IEEE Trans. on Signal Processing",
  volume	= "41",
  number	= "12",
  pages		= "3445-3462",
  year		= "1993"
}

@Article{	  smith.barnwell:exact,
  author	= "M.J.T. Smith and T.P. Barnwell",
  title		= " Exact reconstruction techniques for tree structured
		  subband coders",
  journal	= "IEEE Trans. on Acoustic, Speech and Signal Proc.",
  volume	= "34",
  pages		= "434-441",
  year		= "1986"
}

@Article{	  starck.bijaoui.ea:image,
  author	= "J-L. Starck and A. Bijaoui and B. Lopez and C. Perrier",
  title		= "Image reconstruction by the wavelet transform applied to
		  aperture synthesis",
  journal	= "Astronomy ans Astrophysics",
  volume	= "283",
  pages		= "349-360",
  year		= "1994"
}

@Article{	  starck.candes.ea:curvelet,
  author	= "J-L. Starck and E. Cand\`es and D. Donoho",
  title		= "The Curvelet Transform for Image Denoising",
  journal	= "IEEE Trans. on Image Proc.",
  volume	= "11",
  number	= "6",
  pages		= "670-684",
  year		= "2002"
}

% --- T
@Unpublished{	  thevenaz.blu.ea:image,
  author	= "P. Th\'evenaz and T. Blu and M. Unser",
  title		= "Image Interpolation and Resampling",
  year		= "1999",
  note		= "Preprint Ecole Polytechnique F{\'e}d{\'e}rale de Lausanne,
		  available at
		  \hturl{http://bigwww.epfl.ch/publications/thevenaz9901.pdf}"
		  
}

% --- U
@Article{	  unser.aldroubi.ea:enlargement,
  author	= "M. Unser and A. Aldroubi and M. Eden",
  title		= "Enlargement or Reduction of Digital Images with Minimum
		  Loss of Information",
  journal	= "IEEE Trans. on Image Processing",
  volume	= "4",
  number	= "3",
  year		= "1995"
}

@Article{	  unser.aldroubi.ea:fast,
  author	= "M. Unser and A. Aldroubi and M. Eden",
  title		= "Fast B-Spline Transforms for Continuous Image
		  Representation and Interpolation",
  journal	= "IEEE Trans. Pattern Analysis and Machine Intell.",
  volume	= "13",
  number	= "3",
  year		= "1991"
}

% --- V
@InCollection{	  vincent:grayscale,
  author	= "L. Vincent",
  title		= "Grayscale Area Openings and Closings, Their Efficient
		  Implementation and Applications",
  booktitle	= "Proc. of $1^{st}$ Workshop on Math. Morphology and its
		  Appl. to Signal Proc.",
  editor	= "J. Serra and Ph. Salembrier",
  pages		= "22-27",
  year		= "1993"
}

% --- W
@Article{	  witten.neal.ea:arithmetic,
  author	= "I.H. Witten and R.M. Neal and J.G. Cleary",
  title		= "Arithmetic coding for data compression",
  journal	= "Communications of the ACM",
  volume	= "30",
  number	= "6",
  pages		= "520-540",
  year		= "1987"
}
% --- X
% --- Y
% --- Z
