
%----------------------------------------------------------------------------
% Bibliographic database for MegaWave2 modules
%----------------------------------------------------------------------------

% --- A

% --- B

% --- C

% --- D

% --- E

% --- F

% --- H

% --- K

% --- L

% --- M
@Unpublished{	  moisan:modelling,
  author	= "Lionel Moisan",
  title		= "Modelling in image processing",
  note		= "DEA Math\'ematiques, Vision, Apprentissage (MVA), Ecole
		  Normale Sup\'erieure de Cachan",
  year		= "2002"
}

% --- N

% --- O

% --- P

% --- R

% --- S

% --- V

% --- W
@Article{	  witten.neal.ea:arithmetic,
  author	= "I.H. Witten and R.M. Neal and J.G. Cleary",
  title		= "Arithmetic coding for data compression",
  journal	= "Communications of the ACM",
  volume	= "30",
  number	= "6",
  pages		= "520-540",
  year		= "1987"
}
% --- X
% --- Y
